<?xml version="1.0" encoding="UTF-8"?><record xmlns="http://www.loc.gov/MARC21/slim" xmlns:cinclude="http://apache.org/cocoon/include/1.0" xmlns:zs="http://www.loc.gov/zing/srw/">
  <leader>00806cz  a2200145n  4500</leader>
  <controlfield tag="001">nb2007011605</controlfield>
  <controlfield tag="003">DLC</controlfield>
  <controlfield tag="005">20120817081608.0</controlfield>
  <controlfield tag="008">070514n| acannaabn          |n ana      </controlfield>
  <datafield tag="010" ind1=" " ind2=" ">
    <subfield code="a">nb2007011605</subfield>
  </datafield>
  <datafield tag="035" ind1=" " ind2=" ">
    <subfield code="a">(Uk)006800894</subfield>
  </datafield>
  <datafield tag="040" ind1=" " ind2=" ">
    <subfield code="a">Uk</subfield>
    <subfield code="b">eng</subfield>
    <subfield code="c">Uk</subfield>
    <subfield code="d">DLC</subfield>
  </datafield>
  <datafield tag="111" ind1="2" ind2=" ">
    <subfield code="a">Seminario Pensamiento, Cultura y Literatura en América Latina</subfield>
    <subfield code="d">(2002 :</subfield>
    <subfield code="c">Universidad Metropolitana de Ciencias de la Educación de Santiago de Chile, and UNAM)</subfield>
  </datafield>
  <datafield tag="667" ind1=" " ind2=" ">
    <subfield code="a">THIS 1XX FIELD CANNOT BE USED UNDER RDA UNTIL THIS RECORD HAS BEEN REVIEWED AND/OR UPDATED</subfield>
  </datafield>
  <datafield tag="670" ind1=" " ind2=" ">
    <subfield code="a">Pensamiento, cultura y literatura en América Latina, 2004.</subfield>
    <subfield code="b">p. 13 (Seminario Pensamiento, cultura y Literatura en América Latina, held at Universidad Metropolitana de Ciencias de la Educación, Santiago de Chile, and UNAM) back cover (Seminar held Mar. 2002)</subfield>
  </datafield>
</record>